<record xmlns="http://www.loc.gov/MARC21/slim">
   <leader>03436pam a2200469 i 4500</leader>
   <controlfield tag="001">6759848</controlfield>
   <controlfield tag="003">OCoLC</controlfield>
   <controlfield tag="005">20141205084111.0</controlfield>
   <controlfield tag="008">140717t20152015ne       b    101 0 eng  </controlfield>
   <datafield ind1=" " ind2=" " tag="010">
      <subfield code="a">  2014027795</subfield>
   </datafield>
   <datafield ind1=" " ind2=" " tag="015">
      <subfield code="a">GBB4A7130</subfield>
      <subfield code="2">bnb</subfield>
   </datafield>
   <datafield ind1="7" ind2=" " tag="016">
      <subfield code="a">016886213</subfield>
      <subfield code="2">Uk</subfield>
   </datafield>
   <datafield ind1=" " ind2=" " tag="020">
      <subfield code="a">9789004281813</subfield>
      <subfield code="q">hardback : acid-free paper</subfield>
   </datafield>
   <datafield ind1=" " ind2=" " tag="020">
      <subfield code="a">9004281819</subfield>
      <subfield code="q">hardback : acid-free paper</subfield>
   </datafield>
   <datafield ind1=" " ind2=" " tag="020">
      <subfield code="z">9789004281820</subfield>
      <subfield code="q">e-book</subfield>
   </datafield>
   <datafield ind1=" " ind2=" " tag="035">
      <subfield code="a">ocn884243121</subfield>
   </datafield>
   <datafield ind1=" " ind2=" " tag="040">
      <subfield code="a">DLC</subfield>
      <subfield code="b">eng</subfield>
      <subfield code="e">rda</subfield>
      <subfield code="c">DLC</subfield>
      <subfield code="d">ERASA</subfield>
      <subfield code="d">OCLCO</subfield>
      <subfield code="d">YDXCP</subfield>
      <subfield code="d">BTCTA</subfield>
      <subfield code="d">UKMGB</subfield>
      <subfield code="d">OCLCQ</subfield>
      <subfield code="d">CDX</subfield>
      <subfield code="d">UAB</subfield>
   </datafield>
   <datafield ind1=" " ind2=" " tag="042">
      <subfield code="a">pcc</subfield>
   </datafield>
   <datafield ind1="0" ind2="0" tag="050">
      <subfield code="a">BD394</subfield>
      <subfield code="b">.P44 2015</subfield>
   </datafield>
   <datafield ind1="0" ind2="0" tag="082">
      <subfield code="a">147/.4</subfield>
      <subfield code="2">23</subfield>
   </datafield>
   <datafield ind1=" " ind2=" " tag="090">
      <subfield code="a">BD 394 P44 2015</subfield>
      <subfield code="b">AEU</subfield>
   </datafield>
   <datafield ind1=" " ind2=" " tag="090">
      <subfield code="a">BD394 .P44 2015</subfield>
      <subfield code="b">AEGMCT</subfield>
   </datafield>
   <datafield ind1="0" ind2="0" tag="245">
      <subfield code="a">Phenomenological perspectives on plurality /</subfield>
      <subfield code="c">edited by Gert-Jan van der Heiden.</subfield>
   </datafield>
   <datafield ind1=" " ind2="1" tag="264">
      <subfield code="a">Leiden ;</subfield>
      <subfield code="a">Boston :</subfield>
      <subfield code="b">Brill,</subfield>
      <subfield code="c">[2015]</subfield>
   </datafield>
   <datafield ind1=" " ind2="4" tag="264">
      <subfield code="c">©2015</subfield>
   </datafield>
   <datafield ind1=" " ind2=" " tag="300">
      <subfield code="a">vi, 216 pages ;</subfield>
      <subfield code="c">25 cm.</subfield>
   </datafield>
   <datafield ind1=" " ind2=" " tag="336">
      <subfield code="a">text</subfield>
      <subfield code="b">txt</subfield>
      <subfield code="2">rdacontent</subfield>
   </datafield>
   <datafield ind1=" " ind2=" " tag="337">
      <subfield code="a">unmediated</subfield>
      <subfield code="b">n</subfield>
      <subfield code="2">rdamedia</subfield>
   </datafield>
   <datafield ind1=" " ind2=" " tag="338">
      <subfield code="a">volume</subfield>
      <subfield code="b">nc</subfield>
      <subfield code="2">rdacarrier</subfield>
   </datafield>
   <datafield ind1="1" ind2=" " tag="490">
      <subfield code="a">Studies in Contemporary Phenomenology,</subfield>
      <subfield code="x">1875-2470 ;</subfield>
      <subfield code="v">volume 12</subfield>
   </datafield>
   <datafield ind1=" " ind2=" " tag="500">
      <subfield code="a">Based on a conference held in Nijmegen, the Netherlands, June 12-14, 2013.</subfield>
   </datafield>
   <datafield ind1=" " ind2=" " tag="504">
      <subfield code="a">Includes bibliographical references and index.</subfield>
   </datafield>
   <datafield ind1="0" ind2=" " tag="505">
      <subfield code="a">Plurality and the disintegration of difference / John Sallis -- Plurality and the question of God / Ben Vedder -- Decentered-ness : phenomenological explorations / Gunter Figal -- Reinventing the wheel : of sovereignty, autobiography and deconstruction / Michael Naas -- Identity or identities? The in-between of "no longer and not yet" / Sanem Yazicioglu -- Towards a community of the plural : philosophical pluralism, hermeneutics, and practice / Nicholas Davey -- The responsibility to understand / Theodore George -- Philosophy in the plural : a view from radical exteriority / Alejandro A. Vallega -- Origin, freedom, and gelassenheit : on Heidegger's second "country path conversation" / Holger Zaborowski -- The hermeneutic phenomenological approach to plurality :Aarendt, Habermas, and Gadamer / Veronica Vasterling -- A system of heterogenesis : Deleuze on plurality / Martijn Boven -- Deciding on plurality? Plato's Parmenides between Badiou and Agamben / Gert-Jan van der Heiden.</subfield>
   </datafield>
   <datafield ind1="8" ind2=" " tag="520">
      <subfield code="a">Phenomenological perspectives on plurality' offers twelve essays that discuss how the question of plurality is thought in contemporary continental philosophy. In particular, its essays investigate how this issue influences topics in ontology, aesthetics, and social and political philosophy as well as other fields.00In the wake of the critique of metaphysics as onto-theology, the question of plurality has become a central focus of philosophy today. This question does not only give rise to rethink the beginning of metaphysics as well as some of its basic concepts, such as the notion of God, but also influences the contemporary conception of art, identity and community.</subfield>
   </datafield>
   <datafield ind1=" " ind2=" " tag="596">
      <subfield code="a">29 43</subfield>
   </datafield>
   <datafield ind1=" " ind2="0" tag="650">
      <subfield code="a">Pluralism</subfield>
      <subfield code="v">Congresses.</subfield>
   </datafield>
   <datafield ind1=" " ind2="0" tag="650">
      <subfield code="a">Phenomenology</subfield>
      <subfield code="v">Congresses.</subfield>
   </datafield>
   <datafield ind1="1" ind2=" " tag="700">
      <subfield code="a">Heiden, Gerrit Jan van der,</subfield>
      <subfield code="d">1976-</subfield>
      <subfield code="e">editor.</subfield>
   </datafield>
   <datafield ind1=" " ind2="0" tag="830">
      <subfield code="a">Studies in contemporary phenomenology ;</subfield>
      <subfield code="v">v. 12.</subfield>
      <subfield code="x">1875-2470</subfield>
   </datafield>
   <datafield ind1=" " ind2=" " tag="949">
      <subfield code="a">BD 394 P44 2015</subfield>
      <subfield code="c">1</subfield>
      <subfield code="h">UAHS-B</subfield>
      <subfield code="i">0162035202223</subfield>
   </datafield>
   <datafield ind1=" " ind2=" " tag="926">
      <subfield code="a">BD 394 P44 2015</subfield>
      <subfield code="w">LC</subfield>
      <subfield code="c">1</subfield>
      <subfield code="i">0162035202223</subfield>
      <subfield code="l">ON_SHELF</subfield>
      <subfield code="m">UAHSS</subfield>
      <subfield code="p">$150.00</subfield>
      <subfield code="r">Y</subfield>
      <subfield code="s">Y</subfield>
      <subfield code="t">BOOK</subfield>
      <subfield code="u">12/18/2014</subfield>
   </datafield>
   <datafield ind1=" " ind2=" " tag="926">
      <subfield code="a">BD394 .P44 2015</subfield>
      <subfield code="w">LC</subfield>
      <subfield code="c">1</subfield>
      <subfield code="i">1007436619</subfield>
      <subfield code="d">2/13/2015</subfield>
      <subfield code="l">ON_SHELF</subfield>
      <subfield code="m">GR_MACEWAN</subfield>
      <subfield code="p">$148.95</subfield>
      <subfield code="r">Y</subfield>
      <subfield code="s">Y</subfield>
      <subfield code="t">BOOK</subfield>
      <subfield code="u">2/6/2015</subfield>
   </datafield>
</record>
